@book{koza92,
		author    = "Koza, John R.",
		title     = "Genetic Programming: On the Programming of Computers by Means of Natural Selection",
		publisher = "MIT Press",
		year      = "1992"
}

@article{bortolot2005,
  title={Estimating forest biomass using small footprint LiDAR data: An individual tree-based approach that incorporates training data},
  author={Bortolot, Zachary J and Wynne, Randolph H},
  journal={ISPRS Journal of Photogrammetry and Remote Sensing},
  volume={59},
  number={6},
  pages={342--360},
  year={2005},
  publisher={Elsevier}
}

@misc{ wiki:latex,
       author = "Wikipedia",
       title = "LaTeX --- Wikipedia{,} La enciclopedia libre",
       year = "2015",
       howpublished = {\url{https://es.wikipedia.org/w/index.php?title=LaTeX&oldid=84209252}},
       note = "[Internet; descargado 30-septiembre-2015]"
}

@article{MELMASRY201653,
title = {Image analysis operations applied to hyperspectral images for non-invasive sensing of food quality – A comprehensive review},
journal = {Biosystems Engineering},
volume = {142},
pages = {53-82},
year = {2016},
issn = {1537-5110},
doi = {https://doi.org/10.1016/j.biosystemseng.2015.11.009},
url = {https://www.sciencedirect.com/science/article/pii/S1537511015300477},
author = {Gamal {M. ElMasry} and Shigeki Nakauchi},
}

@misc{zube,
	title = "Zube --- zube.io",
	howpublished = {\url{https://zube.io/}},
	year = {2024},
        note = "[Internet; accedido el 2-julio-2024]"
}

@misc{github,
	title = "GitHub --- github.com",
	howpublished = {\url{https://github.com/}},
	year = {2024},
        note = "[Internet; accedido el 2-julio-2024]"
}

@misc{vscode,
	title = "Visual Studio Code --- code.visualstudio.com",
	howpublished = {\url{https://code.visualstudio.com/}},
	year = {2024},
        note = "[Internet; accedido el 2-julio-2024]"
}

@misc{overleaf,
	title = "Overleaf --- overleaf.com",
	howpublished = {\url{https://es.overleaf.com/}},
	year = {2024},
        note = "[Internet; accedido el 2-julio-2024]"
}

@misc{chatGPT,
	title = "ChatGPT --- chatgpt.com",
	howpublished = {\url{https://chatgpt.com/}},
	year = {2024},
        note = "[Internet; accedido el 2-julio-2024]"
}

@misc{docker,
	title = "Docker --- docker.com",
	howpublished = {\url{https://www.docker.com/}},
	year = {2024},
        note = "[Internet; accedido el 8-julio-2024]"
}

@misc{fscaling,
        author = "{Wikipedia contributors}",
        title = "Feature scaling --- {Wikipedia}{,} The Free Encyclopedia",
        year = "2024",
        howpublished = "\url{https://en.wikipedia.org/w/index.php?title=Feature_scaling&oldid=1228410225}",
        note = "[Online; accessed 8-July-2024]"
}

@misc{morfo,
        author = "{OpenCV}",
        title = "{Image Processing in OpenCV --- Morphological Transformations}",
        year = "2024",
        howpublished = "\url{https://docs.opencv.org/4.x/d9/d61/tutorial_py_morphological_ops.html}",
        note = "[Internet; accedido el 8-julio-2024]"
}

@misc{thresh,
        author = "{OpenCV}",
        title = "{Image Processing in OpenCV --- Thresholding}",
        year = "2024",
        howpublished = "\url{https://docs.opencv.org/4.x/d7/d4d/tutorial_py_thresholding.html}",
        note = "[Internet; accedido el 8-julio-2024]"
}



@misc{ wiki:Python,
       author = "Wikipedia",
       title = "Python --- Wikipedia{,} La enciclopedia libre",
       year = "2024",
       howpublished = "\url{https://es.wikipedia.org/w/index.php?title=Python&oldid=161085729}",
       note = "[Internet; descargado 3-julio-2024]"
}

@misc{ wiki:CSS,
       author = "Wikipedia",
       title = "CSS --- Wikipedia{,} La enciclopedia libre",
       year = "2024",
       howpublished = "\url{https://es.wikipedia.org/w/index.php?title=CSS&oldid=159796485}",
       note = "[Internet; descargado 3-julio-2024]"
}

@misc{ wiki:XML,
       author = "Wikipedia",
       title = "XML --- Wikipedia{,} La enciclopedia libre",
       year = "2024",
       howpublished = "\url{https://es.wikipedia.org/w/index.php?title=Extensible_Markup_Language&oldid=160549383}",
       note = "[Internet; descargado 3-julio-2024]"
}

@misc{streamlit,
	title = "Streamlit --- streamlit.io",
	howpublished = {\url{https://streamlit.io/}},
	year = {2024},
        note = "[Internet; accedido el 4-julio-2024]"
}

@misc{spectral,
	title = "Spectral Pyhton(SPy) --- spectralpython.net",
	howpublished = {\url{https://www.spectralpython.net/}},
	year = {2024},
        note = "[Internet; accedido el 4-julio-2024]"
}

@misc{openCV,
	title = "OpenCV --- opencv.org",
	howpublished = {\url{https://opencv.org/}},
	year = {2024},
        note = "[Internet; accedido el 4-julio-2024]"
}

@misc{numpy,
	title = "NumPy --- numpy.org",
	howpublished = {\url{https://numpy.org/}},
	year = {2024},
        note = "[Internet; accedido el 4-julio-2024]"
}

@misc{pandas,
	title = "Pandas --- pandas.pydata.org",
	howpublished = {\url{https://pandas.pydata.org/}},
	year = {2024},
        note = "[Internet; accedido el 4-julio-2024]"
}

@misc{skimage,
	title = "scikit-image --- scikit-image.org",
	howpublished = {\url{https://scikit-image.org/}},
	year = {2024},
        note = "[Internet; accedido el 5-julio-2024]"
}

@misc{stimagezoom,
	title = "streamlit-image-zoom --- github.com/vgilabert94/streamlit-image-zoom",
	howpublished = {\url{https://github.com/vgilabert94/streamlit-image-zoom}},
	year = {2024},
        note = "[Internet; accedido el 5-julio-2024]"
}

@misc{hiperapli,
	title = "Atriainnovation --- {Tecnología hiperespectral}",
	howpublished ={url{https://atriainnovation.com/blog/tecnologia-hiperespectral/}},
	year = {2024},
        note = "[Internet; accedido el 5-julio-2024]"
}




@unpublished{upm44931,
          school = {Agronomica},
           title = {Hyperspectral image applied to determine quality parameters in leafy vegetables},
            note = {No Publicado},
            year = {2016},
             doi = {10.20868/UPM.thesis.44931},
          author = {Lara Blas, Miguel {\'A}ngel},
             url = {https://oa.upm.es/44931/}
}

@book{librohiper,
author = {Sun, Da-Wen},
year = {2010},
month = {01},
pages = {},
title = {Hyperspectral Imaging for Food Quality Analysis and Control},
doi = {10.1016/C2009-0-01853-4}
}

@misc{ wiki:hiper,
       author = "Wikipedia",
       title = "Hiperespectral --- Wikipedia{,} La enciclopedia libre",
       year = "2023",
       url = "\url{https://es.wikipedia.org/w/index.php?title=Hiperespectral&oldid=151594542}",
       note = "[Internet; descargado 2-junio-2023]"
}