@book{koza92,
		author    = "Koza, John R.",
		title     = "Genetic Programming: On the Programming of Computers by Means of Natural Selection",
		publisher = "MIT Press",
		year      = "1992"
}


@misc{ wiki:latex,
       author = "Wikipedia",
       title = "LaTeX --- Wikipedia{,} La enciclopedia libre",
       year = "2015",
       url = "https://es.wikipedia.org/w/index.php?title=LaTeX&oldid=84209252",
       note = "[Internet; descargado 30-septiembre-2015]"
}

@misc{mvc,
	author = "Mozilla Developers Network",
	title = {Glosario de {MDN Web Docs} --- {MVC}{}},
	howpublished = {\url{https://developer.mozilla.org/es/docs/Glossary/MVC/}},
        note = "[Internet; accedido el 7-Julio-2024]"
}

@misc{ubuntu,
    author = "TechJury",
    title = "Linux Statistics: All the Stats You Need in 2024",
    howpublished = "https://techjury.net/blog/linux-statistics/",
    note = "[En línea; accedido el 7-Julio-2024]"
}
@misc{dirsos,
	author = "CRUE",
	title = {Directrices para la introducción de la Sostenibilidad
	en el Curriculum},
	howpublished = {\url{https://www.crue.org/wp-content/uploads/2020/02/Directrices_Sosteniblidad_Crue2012.pdf}}
}